<?xml version="1.0" encoding="UTF-8"?><collection xmlns="http://www.loc.gov/MARC21/slim"><record><leader>00367nam--2200121-i-4500</leader><controlfield tag="001">000007735</controlfield><controlfield tag="002">20161230</controlfield><controlfield tag="005">20161230201027</controlfield><controlfield tag="008">060222s1000------------r-----000-0-eng-d</controlfield><datafield ind1=" " ind2=" " tag="100"><subfield code="a">Dewey, Melvil</subfield></datafield><datafield ind1=" " ind2=" " tag="245"><subfield code="a">Dewey decimal classification and relative index. edition 17 vol.1: introduction. general tables</subfield></datafield><datafield ind1=" " ind2=" " tag="260"><subfield code="a">New York, Forest Press, Inc., 1965</subfield></datafield><datafield ind1=" " ind2=" " tag="490"><subfield code="a">Ix+1254p</subfield></datafield></record></collection>